@article{dandekar2013biased,
  title={Biased assimilation, homophily, and the dynamics of polarization},
  author={Dandekar, Pranav and Goel, Ashish and Lee, David T},
  journal={Proceedings of the National Academy of Sciences},
  volume={110},
  number={15},
  pages={5791--5796},
  year={2013},
  publisher={National Acad Sciences}
}
@article{lord1979biased,
  title={Biased assimilation and attitude polarization: The effects of prior theories on subsequently considered evidence.},
  author={Lord, Charles G and Ross, Lee and Lepper, Mark R},
  journal={Journal of personality and social psychology},
  volume={37},
  number={11},
  pages={2098},
  year={1979},
  publisher={American Psychological Association}
}
@article{degroot1974reaching,
  title={Reaching a consensus},
  author={DeGroot, Morris H},
  journal={Journal of the American Statistical Association},
  volume={69},
  number={345},
  pages={118--121},
  year={1974},
  publisher={Taylor \& Francis Group}
}
@article{lempel2001salsa,
  title={SALSA: the stochastic approach for link-structure analysis},
  author={Lempel, Ronny and Moran, Shlomo},
  journal={ACM Transactions on Information Systems (TOIS)},
  volume={19},
  number={2},
  pages={131--160},
  year={2001},
  publisher={ACM}
}
@techreport{page1999pagerank,
  title={The PageRank citation ranking: Bringing order to the web.},
  author={Page, Lawrence and Brin, Sergey and Motwani, Rajeev and Winograd, Terry},
  year={1999},
  institution={Stanford InfoLab}
}
@article{linden2003amazon,
  title={Amazon. com recommendations: Item-to-item collaborative filtering},
  author={Linden, Greg and Smith, Brent and York, Jeremy},
  journal={IEEE Internet computing},
  number={1},
  pages={76--80},
  year={2003},
  publisher={IEEE}
}