@article{atzori2010internet,
  title={The internet of things: A survey},
  author={Atzori, Luigi and Iera, Antonio and Morabito, Giacomo},
  journal={Computer networks},
  volume={54},
  number={15},
  pages={2787--2805},
  year={2010},
  publisher={Elsevier}
}
@inproceedings{kumar2016security,
  title={Security in internet of things: Challenges, solutions and future directions},
  author={Kumar, Sathish Alampalayam and Vealey, Tyler and Srivastava, Harshit},
  booktitle={2016 49th Hawaii International Conference on System Sciences (HICSS)},
  pages={5772--5781},
  year={2016},
  organization={IEEE}
}
@article{ben2019internet,
  title={Internet of things and supply chain management: a literature review},
  author={Ben-Daya, Mohamed and Hassini, Elkafi and Bahroun, Zied},
  journal={International Journal of Production Research},
  volume={57},
  number={15-16},
  pages={4719--4742},
  year={2019},
  publisher={Taylor \& Francis}
}

@inproceedings{oh2017security,
  title={Security requirements analysis for the IoT},
  author={Oh, Se-Ra and Kim, Young-Gab},
  booktitle={2017 International Conference on Platform Technology and Service (PlatCon)},
  pages={1--6},
  year={2017},
  organization={IEEE}
}

@article{sethi2017internet,
  title={Internet of things: architectures, protocols, and applications},
  author={Sethi, Pallavi and Sarangi, Smruti R},
  journal={Journal of Electrical and Computer Engineering},
  volume={2017},
  year={2017},
  publisher={Hindawi}
}

@inproceedings{liu2012authentication,
  title={Authentication and access control in the internet of things},
  author={Liu, Jing and Xiao, Yang and Chen, CL Philip},
  booktitle={2012 32nd International Conference on Distributed Computing Systems Workshops},
  pages={588--592},
  year={2012},
  organization={IEEE}
}

@article{ganz2015practical,
  title={A practical evaluation of information processing and abstraction techniques for the internet of things},
  author={Ganz, Frieder and Puschmann, Daniel and Barnaghi, Payam and Carrez, Francois},
  journal={IEEE Internet of Things journal},
  volume={2},
  number={4},
  pages={340--354},
  year={2015},
  publisher={IEEE}
}

@article{roman2011key,
  title={Key management systems for sensor networks in the context of the Internet of Things},
  author={Roman, Rodrigo and Alcaraz, Cristina and Lopez, Javier and Sklavos, Nicolas},
  journal={Computers \& Electrical Engineering},
  volume={37},
  number={2},
  pages={147--159},
  year={2011},
  publisher={Elsevier}
}
@article{katagi2008lightweight,
  title={Lightweight cryptography for the internet of things},
  author={Katagi, Masanobu and Moriai, Shiho and others},
  journal={Sony Corporation},
  pages={7--10},
  year={2008}
}
@inproceedings{gomes2014internet,
  title={Internet of things scalability: Analyzing the bottlenecks and proposing alternatives},
  author={Gomes, M{\'a}rcio and da Rosa Righi, Rodrigo and da Costa, Cristiano Andr{\'e}},
  booktitle={2014 6th International Congress on Ultra Modern Telecommunications and Control Systems and Workshops (ICUMT)},
  pages={269--276},
  year={2014},
  organization={IEEE}
}
@article{raza2016s3k,
  title={S3K: Scalable security with symmetric keysâ€”DTLS key establishment for the Internet of Things},
  author={Raza, Shahid and Seitz, Ludwig and Sitenkov, Denis and Selander, G{\"o}ran},
  journal={IEEE Transactions on Automation Science and Engineering},
  volume={13},
  number={3},
  pages={1270--1280},
  year={2016},
  publisher={IEEE}
}
@article{yaqoob2017internet,
  title={Internet of things architecture: Recent advances, taxonomy, requirements, and open challenges},
  author={Yaqoob, Ibrar and Ahmed, Ejaz and Hashem, Ibrahim Abaker Targio and Ahmed, Abdelmuttlib Ibrahim Abdalla and Gani, Abdullah and Imran, Muhammad and Guizani, Mohsen},
  journal={IEEE wireless communications},
  volume={24},
  number={3},
  pages={10--16},
  year={2017},
  publisher={IEEE}
}
@inproceedings{hummen2013towards,
  title={Towards viable certificate-based authentication for the internet of things},
  author={Hummen, Ren{\'e} and Ziegeldorf, Jan H and Shafagh, Hossein and Raza, Shahid and Wehrle, Klaus},
  booktitle={Proceedings of the 2nd ACM workshop on Hot topics on wireless network security and privacy},
  pages={37--42},
  year={2013},
  organization={ACM}
}
@inproceedings{aman2017secure,
  title={Secure data provenance for the internet of things},
  author={Aman, Muhammad Naveed and Chua, Kee Chaing and Sikdar, Biplab},
  booktitle={Proceedings of the 3rd ACM International Workshop on IoT Privacy, Trust, and Security},
  pages={11--14},
  year={2017},
  organization={ACM}
}
@inproceedings{suhail2018data,
  title={Data trustworthiness in iot},
  author={Suhail, Sabah and Hong, Choong Seon and Lodhi, M Ali and Zafar, Faheem and Khan, Abid and Bashir, Faisal},
  booktitle={2018 International Conference on Information Networking (ICOIN)},
  pages={414--419},
  year={2018},
  organization={IEEE}
}
@article{rangwala2016mutual,
  title={A mutual agreement signature scheme for secure data provenance},
  author={Rangwala, Mohammed and Liang, Zhengli and Peng, Wei and Zou, Xukai and Li, Feng},
  journal={environments},
  volume={13},
  number={14},
  year={2016}
}
@inproceedings{zhao2011novel,
  title={A novel mutual authentication scheme for Internet of Things},
  author={Zhao, Guanglei and Si, Xianping and Wang, Jingcheng and Long, Xiao and Hu, Ting},
  booktitle={Proceedings of 2011 International Conference on Modelling, Identification and Control},
  pages={563--566},
  year={2011},
  organization={IEEE}
}
@article{hernandez2013distributed,
  title={Distributed capability-based access control for the internet of things},
  author={Hern{\'a}ndez-Ramos, Jos{\'e} L and Jara, Antonio J and Marin, Leandro and Skarmeta, Antonio F},
  journal={Journal of Internet Services and Information Security (JISIS)},
  volume={3},
  number={3/4},
  pages={1--16},
  year={2013}
}
@article{ouaddah2017access,
  title={Access control in the Internet of Things: Big challenges and new opportunities},
  author={Ouaddah, Aafaf and Mousannif, Hajar and Elkalam, Anas Abou and Ouahman, Abdellah Ait},
  journal={Computer Networks},
  volume={112},
  pages={237--262},
  year={2017},
  publisher={Elsevier}
}
@article{ouaddah2016fairaccess,
  title={FairAccess: a new Blockchain-based access control framework for the Internet of Things},
  author={Ouaddah, Aafaf and Abou Elkalam, Anas and Ait Ouahman, Abdellah},
  journal={Security and Communication Networks},
  volume={9},
  number={18},
  pages={5943--5964},
  year={2016},
  publisher={Wiley Online Library}
}

@inproceedings{ouaddah2015security,
  title={Security analysis and proposal of new access control model in the Internet of Thing},
  author={Ouaddah, Aafaf and Bouij-Pasquier, Imane and Elkalam, Anas Abou and Ouahman, Abdellah Ait},
  booktitle={2015 international conference on electrical and information technologies (ICEIT)},
  pages={30--35},
  year={2015},
  organization={IEEE}
}

@incollection{ouaddah2017towards,
  title={Towards a novel privacy-preserving access control model based on blockchain technology in IoT},
  author={Ouaddah, Aafaf and Elkalam, Anas Abou and Ouahman, Abdellah Ait},
  booktitle={Europe and MENA Cooperation Advances in Information and Communication Technologies},
  pages={523--533},
  year={2017},
  publisher={Springer}
}


@article{borgia2014internet,
  title={The Internet of Things vision: Key features, applications and open issues},
  author={Borgia, Eleonora},
  journal={Computer Communications},
  volume={54},
  pages={1--31},
  year={2014},
  publisher={Elsevier}
}
@inproceedings{javaid2018blockpro,
  title={BlockPro: Blockchain based Data Provenance and Integrity for Secure IoT Environments},
  author={Javaid, Uzair and Aman, Muhammad Naveed and Sikdar, Biplab},
  booktitle={Proceedings of the 1st Workshop on Blockchain-enabled Networked Sensor Systems},
  pages={13--18},
  year={2018},
  organization={ACM}
}
@inproceedings{jan2014robust,
  title={A robust authentication scheme for observing resources in the internet of things environment},
  author={Jan, Mian Ahmad and Nanda, Priyadarsi and He, Xiangjian and Tan, Zhiyuan and Liu, Ren Ping},
  booktitle={2014 IEEE 13th International Conference on Trust, Security and Privacy in Computing and Communications},
  pages={205--211},
  year={2014},
  organization={IEEE}
}
@article{ning2014aggregated,
  title={Aggregated-proof based hierarchical authentication scheme for the internet of things},
  author={Ning, Huansheng and Liu, Hong and Yang, Laurence T},
  journal={IEEE Transactions on Parallel and Distributed Systems},
  volume={26},
  number={3},
  pages={657--667},
  year={2014},
  publisher={IEEE}
}
@inproceedings{hummen2014delegation,
  title={Delegation-based Authentication and Authorization for the IP-based Internet of Things},
  author={Hummen, Ren{\'e} and Shafagh, Hossein and Raza, Shahid and Voig, Thiemo and Wehrle, Klaus},
  booktitle={2014 Eleventh Annual IEEE International Conference on Sensing, Communication, and Networking (SECON)},
  pages={284--292},
  year={2014},
  organization={Ieee}
}

